<record><leader>00000cas a22000007a 4500</leader><controlfield tag="001">16005385</controlfield><controlfield tag="008">870619d185318uuohuwr ne      0    0eng d</controlfield><datafield ind1=" " ind2=" " tag="010"><subfield code="a">sn 87090526 </subfield></datafield><datafield ind1=" " ind2=" " tag="040"><subfield code="a">PPM</subfield><subfield code="b">eng</subfield><subfield code="c">PPM</subfield><subfield code="d">NPI</subfield><subfield code="d">ONP</subfield><subfield code="d">OBE</subfield><subfield code="d">OCLCQ</subfield><subfield code="d">OCLCF</subfield><subfield code="d">OCLCO</subfield></datafield><datafield ind1=" " ind2=" " tag="019"><subfield code="a">12045902</subfield></datafield><datafield ind1=" " ind2=" " tag="042"><subfield code="a">msc</subfield></datafield><datafield ind1="0" ind2=" " tag="130"><subfield code="a">Cincinnati price-current (Cincinnati, Ohio : 1853)</subfield></datafield><datafield ind1="1" ind2="4" tag="245"><subfield code="a">The Cincinnati price-current.</subfield></datafield><datafield ind1=" " ind2=" " tag="260"><subfield code="a">Cincinnati [Ohio] :</subfield><subfield code="b">Richard Smith,</subfield><subfield code="c">1853-</subfield></datafield><datafield ind1=" " ind2=" " tag="310"><subfield code="a">Weekly</subfield></datafield><datafield ind1="0" ind2=" " tag="362"><subfield code="a">Vol. 12, no. [5] (Oct. 5, 1853)-</subfield></datafield><datafield ind1=" " ind2=" " tag="588"><subfield code="a">Latest issue consulted: Vol. 20, no. 28 (Mar. 25, 1868)</subfield></datafield><datafield ind1=" " ind2="0" tag="650"><subfield code="a">Prices</subfield><subfield code="v">Periodicals.</subfield></datafield><datafield ind1=" " ind2="7" tag="655"><subfield code="a">Periodicals.</subfield><subfield code="2">fast</subfield><subfield code="0">(OCoLC)fst01411641</subfield></datafield><datafield ind1=" " ind2="7" tag="650"><subfield code="a">Prices.</subfield><subfield code="2">fast</subfield><subfield code="0">(OCoLC)fst01076207</subfield></datafield><datafield ind1=" " ind2=" " tag="752"><subfield code="a">United States</subfield><subfield code="b">Ohio</subfield><subfield code="c">Hamilton</subfield><subfield code="d">Cincinnati.</subfield></datafield><datafield ind1="0" ind2="0" tag="780"><subfield code="t">Cincinnati price-current, commercial intelligencer and merchants &#789;transcript</subfield><subfield code="w">(DLC)sn 87090553</subfield></datafield><datafield ind1="0" ind2="0" tag="785"><subfield code="t">Cincinnati price current and commercial review (Cincinnati, Ohio : 1873)</subfield><subfield code="w">(DLC)sn 85042316</subfield></datafield></record>